<record><leader>00000cas a2200000 a 4500</leader><controlfield tag="001">9727773</controlfield><controlfield tag="008">830722d17971806vtuwr ne      0    0eng c</controlfield><datafield ind1=" " ind2=" " tag="010"><subfield code="a">sn 83025652 </subfield></datafield><datafield ind1=" " ind2=" " tag="040"><subfield code="a">NPV</subfield><subfield code="b">eng</subfield><subfield code="c">NPV</subfield><subfield code="d">NPX</subfield><subfield code="d">OCL</subfield><subfield code="d">NPA</subfield><subfield code="d">NPU</subfield><subfield code="d">NJW</subfield><subfield code="d">KNP</subfield><subfield code="d">MGN</subfield><subfield code="d">KNP</subfield><subfield code="d">CNW</subfield><subfield code="d">NVN</subfield><subfield code="d">DLC</subfield><subfield code="d">OCL</subfield><subfield code="d">DLC</subfield><subfield code="d">CVF</subfield><subfield code="d">OCLCQ</subfield><subfield code="d">KRTAS</subfield><subfield code="d">OCLCQ</subfield><subfield code="d">OCLCF</subfield><subfield code="d">OCLCO</subfield></datafield><datafield ind1=" " ind2=" " tag="019"><subfield code="a">9727850</subfield><subfield code="a">9727930</subfield><subfield code="a">9728051</subfield></datafield><datafield ind1=" " ind2=" " tag="042"><subfield code="a">pcc</subfield></datafield><datafield ind1=" " ind2=" " tag="043"><subfield code="a">n-us-vt</subfield></datafield><datafield ind1=" " ind2=" " tag="045"><subfield code="a">v9w0</subfield></datafield><datafield ind1="0" ind2="0" tag="050"><subfield code="a">Newspaper</subfield></datafield><datafield ind1=" " ind2=" " tag="052"><subfield code="a">3753</subfield><subfield code="b">B4</subfield></datafield><datafield ind1="0" ind2=" " tag="130"><subfield code="a">Vermont gazette (Bennington, Vt. : 1797)</subfield></datafield><datafield ind1="1" ind2="4" tag="245"><subfield code="a">The Vermont gazette.</subfield></datafield><datafield ind1="1" ind2=" " tag="246"><subfield code="i">Issues for Mar. 30, 1801-Sept. 21, 1801 published as:</subfield><subfield code="a">Haswell's Vermont gazette revived</subfield></datafield><datafield ind1="1" ind2=" " tag="246"><subfield code="i">Issues for Sept. 28, 1801-Apr. 12, 1802 published as:</subfield><subfield code="a">Haswell's Vermont gazette</subfield></datafield><datafield ind1="1" ind2="3" tag="246"><subfield code="a">Gazette</subfield></datafield><datafield ind1=" " ind2=" " tag="260"><subfield code="a">Bennington [Vt.] :</subfield><subfield code="b">A. Haswell,</subfield><subfield code="c">1797-1806.</subfield></datafield><datafield ind1=" " ind2=" " tag="300"><subfield code="a">10 v.</subfield></datafield><datafield ind1=" " ind2=" " tag="310"><subfield code="a">Weekly</subfield></datafield><datafield ind1="0" ind2=" " tag="362"><subfield code="a">Vol. 1, no. 1 (Sept. 5, 1797)-v. 3, no. 17 (Jan. 9, 1800) ; v. 1, no. 1 (Mar. 6, 1800)-v. 1, no. 52 (Mar. 9, 1801) ; v. 1, no. 1 (Mar. 30, 1801)-v. 2, no. 41 (Jan. 3 [i.e. 10], 1803) ; v. 1, no. 1 (Apr. 6, 1803)-v. 1, no. 52 (Mar. 27, 1804) ; v. [1], no. 1 (Apr. 3, 1804)-v. 2, no. 35 (Jan. 6, 1806) = whole no. 87.</subfield></datafield><datafield ind1=" " ind2=" " tag="500"><subfield code="a">Printed by Anthony Haswell for the proprietors, Mar. 6, 1800-Feb. 23, 1801.</subfield></datafield><datafield ind1=" " ind2=" " tag="515"><subfield code="a">Suspended Jan. 9-Mar, 6, 1800; Mar. 9-30, 1801; Jan. 10-Apr. 6, 1803; Nov. 8-Dec. 3, 1804.</subfield></datafield><datafield ind1=" " ind2=" " tag="515"><subfield code="a">Issues for May 13, 1805-Jan. 6, 1806 also called whole no. 53-whole no. 87.</subfield></datafield><datafield ind1=" " ind2=" " tag="525"><subfield code="a">Supplements accompany some issues.</subfield></datafield><datafield ind1=" " ind2=" " tag="530"><subfield code="a">Available on microform from Readex Microprint Corp.</subfield></datafield><datafield ind1=" " ind2="0" tag="651"><subfield code="a">Bennington (Vt.)</subfield><subfield code="v">Newspapers.</subfield></datafield><datafield ind1=" " ind2="7" tag="655"><subfield code="a">Newspapers.</subfield><subfield code="2">fast</subfield><subfield code="0">(OCoLC)fst01423814</subfield></datafield><datafield ind1=" " ind2="7" tag="651"><subfield code="a">Vermont</subfield><subfield code="z">Bennington.</subfield><subfield code="2">fast</subfield><subfield code="0">(OCoLC)fst01215895</subfield></datafield><datafield ind1=" " ind2=" " tag="752"><subfield code="a">United States</subfield><subfield code="b">Vermont</subfield><subfield code="c">Bennington</subfield><subfield code="d">Bennington.</subfield></datafield><datafield ind1="0" ind2="0" tag="780"><subfield code="t">Tablet of the times</subfield><subfield code="w">(DLC)sn 83025651</subfield><subfield code="w">(OCoLC)9727694</subfield></datafield><datafield ind1="0" ind2="0" tag="785"><subfield code="t">Vermont gazette, an epitome of the world</subfield><subfield code="w">(DLC)sn 83025656</subfield><subfield code="w">(OCoLC)9729138</subfield></datafield><datafield ind1=" " ind2=" " tag="938"><subfield code="a">Kirtas Technologies, Inc.</subfield><subfield code="b">KRTS</subfield><subfield code="n">737137</subfield></datafield><datafield ind1=" " ind2=" " tag="938"><subfield code="a">Kirtas Technologies, Inc.</subfield><subfield code="b">KRTS</subfield><subfield code="n">737139</subfield></datafield></record>